@inproceedings{reiss2012heterogeneity,
  title={Heterogeneity and dynamicity of clouds at scale: Google trace analysis},
  author={Reiss, Charles and Wilkes, John and Hellerstein, Joseph L},
  booktitle={Proceedings of the Third ACM Symposium on Cloud Computing},
  pages={1--13},
  year={2012}
}

@inproceedings{gu2017efficient,
  title={Efficient memory disaggregation with Infiniswap},
  author={Gu, Juncheng and Hu, Youngmoon and Zhang, Tianyu and Guo, Zhi and Cheng, Meghan and Jin, Xiong and Li, Jian and Dadiomov, Nikita and Williams, Kevin and Ng, Kean},
  booktitle={14th $\{$USENIX$\}$ Symposium on Networked Systems Design and Implementation ($\{$NSDI$\}$ 17)},
  pages={649--667},
  year={2017}
}

@inproceedings{yang2014don,
  title={Don't stack your log on my log},
  author={Yang, Jingpei and Plasson, Ned and Gillis, Greg and Talagala, Nisha and Sundararaman, Swaminathan},
  booktitle={2nd Workshop on Interactions of NVM/FLASH with Operating Systems and Workloads (INFLOW)},
  volume={71},
  year={2014}
}

@inproceedings{kalia2016design,
  title={Design guidelines for high performance RDMA systems},
  author={Kalia, Anuj and Kaminsky, Michael and Andersen, David G},
  booktitle={2016 USENIX Annual Technical Conference (USENIX ATC 16)},
  pages={437--450},
  year={2016}
}

@inproceedings{harter2016slacker,
  title={Slacker: Fast Distribution with Lazy Docker Containers},
  author={Harter, Tyler and Salmon, Brandon and Liu, Rose and Arpaci-Dusseau, Andrea C and Arpaci-Dusseau, Remzi H},
  booktitle={14th USENIX Conference on File and Storage Technologies (FAST 16)},
  pages={181--195},
  year={2016}
}

@inproceedings{megiddo2003arc,
  title={ARC: A self-tuning, low overhead replacement cache},
  author={Megiddo, Nimrod and Modha, Dharmendra S},
  booktitle={Fast'03: 2nd USENIX Conference on File and Storage Technologies},
  pages={115--130},
  year={2003}
}
